@Book{Jason_Jerald:The_VR_Book,
author = {Jason JERALD},
title = {The VR Book: Human-Centered Design for Virtual Reality},
publisher = {ACM},
year = {2016},
edition = {První},
isbn = {978-1-97000-112-9}
}

@Book{Vladimir_Beran:Typograficky_manual,
author = {Vladimír BERAN and kolektiv},
title = {Typografický manuál},
publisher = {Kafka design},
year = {2005},
edition = {Čtvrté},
}

@Misc{Lenka_Cerna:Typografie,
author = {Lenka ČERNÁ},
title = {Typografie},
url = {http://www.phil.muni.cz/~lcerna/typografie.pdf},
note = {[online]. 2002 [cit. 2018-04-15]},
}

@Misc{Michal_Chnoupek:Pocitace_IT,
author = {Michal CHŇOUPEK},
title = {Počítače \& IT - Dobrým sluhou či zlým pánem},
note = {[online]. 1999 [cit. 2018-04-14]},
url = {https://goo.gl/3GvVCp}

}

@Misc{Ronald_Blach:Virtual_Reality_Technology,
author = {Ronald BLACH},
title = {Virtual Reality Technology - An Overview},
isbn = {978-1-4020-8200-9},
note = {[online]. 1998 [cit. 2018-04-15]},
url = {https://goo.gl/Tix71B}
}

@Article{BBC:Virtual_Reality_The_Complete_Guy,
author = {Daniel BENNETT},
title = {Virtual Reality: The complete guide},
journal = {BBC Focus},
month = {Duben},
year = {2016},
issn = {0966-4270}
}

@Article{PC_Magazine:The_many_virtues_of_virtual_reality,
author = {Will GREENWALD},
title = {The many virtues of virtual reality},
journal = {PC Magazine},
month = {Květen},
year = {2016}
}

@Article{TIME:Why_Virtual_Reality_Is_About_to_Change_the_World,
author = {Joel STEIN},
title = {Why Virtual Reality Is About to Change the World},
journal = {TIME},
month = {Srpen},
year = {2015}
}

@MastersThesis{Josef_Bukvald:Studie_o_soucasnem_stavu_virtualni_reality,
author = {Josef BUKVALD},
title = {Studie o současném stavu virtuální reality},
school = {Vysoké učení technické v Brně},
year = {2017}
}

@MastersThesis{Marketa_Hoskova:Vojtech_Pressing_a_typografie_jeho_doby,
author = {Markéta HOŠKOVÁ},
title = {Vojtěch Preissig a typografie jeho doby},
school = {Univerzita Karlovy v~Praze},
year = {2013}
}